<?xml version="1.0" encoding="UTF-8"?>
<record xmlns="http://www.loc.gov/MARC21/slim" xmlns:xsi="http://www.w3.org/2001/XMLSchema-instance" xsi:schemaLocation="http://www.loc.gov/MARC21/slim http://www.loc.gov/standards/marcxml/schema/MARC21slim.xsd">
<leader>     cam a2200241 a 4500</leader>
<controlfield tag="001">001685826</controlfield>
<controlfield tag="003">NNU</controlfield>
<controlfield tag="005">20061010173311.0</controlfield>
<controlfield tag="008">961111s1873    le            000 0 ara d</controlfield>
<datafield tag="035" ind1="9" ind2=" ">
<subfield code="a">NYUb12229267</subfield>
</datafield>
<datafield tag="035" ind1=" " ind2=" ">
<subfield code="a">(NNU)NYUb12229267</subfield>
</datafield>
<datafield tag="040" ind1=" " ind2=" ">
<subfield code="a">CtY</subfield>
<subfield code="c">CtY</subfield>
</datafield>
<datafield tag="066" ind1=" " ind2=" ">
<subfield code="c">(3</subfield>
</datafield>
<datafield tag="090" ind1=" " ind2=" ">
<subfield code="a">PJ7755.H3</subfield>
<subfield code="b">M3 1873</subfield>
</datafield>
<datafield tag="100" ind1="0" ind2=" ">
<subfield code="a">Ḥarīrī,</subfield>
<subfield code="d">1054-1122</subfield>
<subfield code="6">880-01</subfield>
</datafield>
<datafield tag="240" ind1="1" ind2="0">
<subfield code="6">880-02</subfield>
<subfield code="a">Maqāmāt</subfield>
</datafield>
<datafield tag="245" ind1="1" ind2="0">
<subfield code="6">880-03</subfield>
<subfield code="a">Kitāb Maqāmāt al-Ḥarīrī /</subfield>
<subfield code="c">Abū Muḥammad al-Qāsim ibn ʻAlī ibn Muḥammad ibn ʻUthmān al-Ḥarīrī al-Buṣrī.</subfield>
</datafield>
<datafield tag="260" ind1=" " ind2=" ">
<subfield code="6">880-04</subfield>
<subfield code="a">Bayrūt :</subfield>
<subfield code="b">Maṭbaʻat al-Maʻārif,</subfield>
<subfield code="c">1873.</subfield>
</datafield>
<datafield tag="300" ind1=" " ind2=" ">
<subfield code="a">7, 564 p. ;</subfield>
<subfield code="c">23 cm.</subfield>
</datafield>
<datafield tag="880" ind1="0" ind2=" ">
<subfield code="6">100-01/</subfield>
<subfield code="a">حريري.</subfield>
</datafield>
<datafield tag="880" ind1="1" ind2="0">
<subfield code="6">240-02/</subfield>
<subfield code="a">مقامات</subfield>
</datafield>
<datafield tag="880" ind1="1" ind2="0">
<subfield code="6">245-03/</subfield>
<subfield code="a">كتاب مقامات الحريري /</subfield>
<subfield code="c">ابو محمد القاسم بن علي بن محمد بن عثمان الحريري البصري.</subfield>
</datafield>
<datafield tag="880" ind1=" " ind2=" ">
<subfield code="6">260-04/</subfield>
<subfield code="a">بيروت :</subfield>
<subfield code="b">مطبعة المعارف،</subfield>
<subfield code="c">1873.</subfield>
</datafield>
<datafield tag="OWN" ind1=" " ind2=" ">
<subfield code="a">GENERAL</subfield>
</datafield>
<datafield tag="998" ind1=" " ind2=" ">
<subfield code="a">20010429</subfield>
<subfield code="d">20010429</subfield>
<subfield code="d">20010429</subfield>
<subfield code="n">NNU</subfield>
<subfield code="s">6</subfield>
<subfield code="t">c</subfield>
<subfield code="z">p</subfield>
</datafield>
<datafield tag="AVA" ind1=" " ind2=" ">
<subfield code="a">NYU50</subfield>
<subfield code="b">BOBST</subfield>
<subfield code="c">Main Collection</subfield>
<subfield code="d">PJ7755.H3 M3 1873</subfield>
<subfield code="e">unavailable</subfield>
<subfield code="t">Unavailable</subfield>
<subfield code="f">1</subfield>
<subfield code="g">1</subfield>
<subfield code="h">N</subfield>
<subfield code="i">0</subfield>
<subfield code="j">MAIN</subfield>
</datafield>
</record>
